@inproceedings{fonseca2000using,
  title={Using fuzzy logic to recognize geometric shapes interactively},
  author={Fonseca, Manuel J and Jorge, Joaquim and others},
  booktitle={Fuzzy Systems, 2000. FUZZ IEEE 2000. The Ninth IEEE International Conference on},
  volume={1},
  pages={291--296},
  year={2000},
  organization={IEEE}
}

@incollection{jorge2000simple,
  title={A simple approach to recognise geometric shapes interactively},
  author={Jorge, Joaquim A and Fonseca, Manuel J},
  booktitle={Graphics Recognition Recent Advances},
  pages={266--274},
  year={2000},
  publisher={Springer}
}
